<record><leader>00000cas a2200000 a 4500</leader><controlfield tag="001">53326713</controlfield><controlfield tag="008">031031d19uu19uucauwr ne      0    0eng c</controlfield><datafield ind1=" " ind2=" " tag="010"><subfield code="a">sn2003061164</subfield></datafield><datafield ind1=" " ind2=" " tag="040"><subfield code="a">CNK</subfield><subfield code="b">eng</subfield><subfield code="c">CNK</subfield><subfield code="d">OCLCQ</subfield><subfield code="d">OCLCF</subfield><subfield code="d">OCLCO</subfield></datafield><datafield ind1="1" ind2=" " tag="029"><subfield code="a">AU@</subfield><subfield code="b">000025096345</subfield></datafield><datafield ind1=" " ind2=" " tag="042"><subfield code="a">pcc</subfield></datafield><datafield ind1=" " ind2=" " tag="043"><subfield code="a">n-us-ca</subfield></datafield><datafield ind1="0" ind2="0" tag="245"><subfield code="a">Buena Park North Orange County American.</subfield></datafield><datafield ind1="1" ind2="3" tag="246"><subfield code="a">Buena Park &amp; North Orange Co. American</subfield></datafield><datafield ind1=" " ind2=" " tag="260"><subfield code="a">Buena Park, Calif. :</subfield><subfield code="b">Henry (Hank) Watton</subfield></datafield><datafield ind1=" " ind2=" " tag="300"><subfield code="a">v.</subfield></datafield><datafield ind1=" " ind2=" " tag="310"><subfield code="a">Weekly</subfield></datafield><datafield ind1=" " ind2=" " tag="500"><subfield code="a">"Buena Park North Orange County" appears in small print to the left of "American," &lt;Sept. 9, 1970-Mar. 24, 1971&gt;</subfield></datafield><datafield ind1=" " ind2=" " tag="588"><subfield code="a">Description based on: Vol. 5, no. 38 (Sept. 9, 1970).</subfield></datafield><datafield ind1=" " ind2="0" tag="651"><subfield code="a">Buena Park (Calif.)</subfield><subfield code="v">Newspapers.</subfield></datafield><datafield ind1=" " ind2="0" tag="651"><subfield code="a">Orange County (Calif.)</subfield><subfield code="v">Newspapers.</subfield></datafield><datafield ind1=" " ind2="7" tag="655"><subfield code="a">Newspapers.</subfield><subfield code="2">fast</subfield><subfield code="0">(OCoLC)fst01423814</subfield></datafield><datafield ind1=" " ind2="7" tag="651"><subfield code="a">California</subfield><subfield code="z">Buena Park.</subfield><subfield code="2">fast</subfield><subfield code="0">(OCoLC)fst01217483</subfield></datafield><datafield ind1=" " ind2="7" tag="651"><subfield code="a">California</subfield><subfield code="z">Orange County.</subfield><subfield code="2">fast</subfield><subfield code="0">(OCoLC)fst01206289</subfield></datafield><datafield ind1=" " ind2=" " tag="752"><subfield code="a">United States</subfield><subfield code="b">California</subfield><subfield code="c">Orange</subfield><subfield code="d">Buena Park.</subfield></datafield><datafield ind1="0" ind2=" " tag="775"><subfield code="t">Cypress La Palma Buena Park American</subfield><subfield code="w">(DLC)sn2003061165</subfield></datafield></record>